<record><leader>01661nam a2200445 a 4500</leader><controlfield tag="001">6659385</controlfield><controlfield tag="003">OCoLC</controlfield><controlfield tag="005">20140808121531.0</controlfield><controlfield tag="006">m     o  d        </controlfield><controlfield tag="007">cr unu</controlfield><controlfield tag="008">140808s2015    njua    o     001 0 eng d</controlfield><datafield ind1=" " ind2=" " tag="020"><subfield code="a">9780133855036</subfield></datafield><datafield ind1=" " ind2=" " tag="020"><subfield code="a">0133855031</subfield></datafield><datafield ind1=" " ind2=" " tag="020"><subfield code="z">9780133854992</subfield></datafield><datafield ind1=" " ind2=" " tag="035"><subfield code="a">ocn885593687</subfield></datafield><datafield ind1=" " ind2=" " tag="037"><subfield code="a">CL0500000461</subfield><subfield code="b">Safari Books Online</subfield></datafield><datafield ind1=" " ind2=" " tag="039"><subfield code="a">exclude</subfield></datafield><datafield ind1=" " ind2=" " tag="040"><subfield code="a">UMI</subfield><subfield code="c">UMI</subfield><subfield code="d">AEU</subfield></datafield><datafield ind1=" " ind2="4" tag="050"><subfield code="a">QA76.9.V5</subfield><subfield code="b">H643 2015</subfield></datafield><datafield ind1=" " ind2=" " tag="090"><subfield code="a">Internet Access</subfield><subfield code="b">AEGMCT</subfield></datafield><datafield ind1=" " ind2=" " tag="090"><subfield code="a">Internet Access</subfield><subfield code="b">AEU</subfield></datafield><datafield ind1="1" ind2=" " tag="100"><subfield code="a">Hogan, Cormac.</subfield></datafield><datafield ind1="1" ind2="0" tag="245"><subfield code="a">Essential virtual SAN</subfield><subfield code="h">[electronic resource] :</subfield><subfield code="b">administrator's guide to VMware virtual SAN/</subfield><subfield code="c">Cormac Hogan, Duncan Epping.</subfield></datafield><datafield ind1="3" ind2=" " tag="246"><subfield code="a">Essential virtual Storage-Area Network</subfield></datafield><datafield ind1=" " ind2=" " tag="260"><subfield code="a">Upper Saddle River, NJ :</subfield><subfield code="b">VMware Press,</subfield><subfield code="c">c2015.</subfield></datafield><datafield ind1=" " ind2=" " tag="300"><subfield code="a">1 online resource (1 v.) :</subfield><subfield code="b">ill.</subfield></datafield><datafield ind1=" " ind2=" " tag="336"><subfield code="a">text</subfield><subfield code="b">txt</subfield><subfield code="2">rdacontent</subfield></datafield><datafield ind1=" " ind2=" " tag="337"><subfield code="a">computer</subfield><subfield code="b">c</subfield><subfield code="2">rdamedia</subfield></datafield><datafield ind1=" " ind2=" " tag="338"><subfield code="a">online resource</subfield><subfield code="b">cr</subfield><subfield code="2">rdacarrier</subfield></datafield><datafield ind1=" " ind2=" " tag="500"><subfield code="a">Includes index.</subfield></datafield><datafield ind1=" " ind2=" " tag="506"><subfield code="a">Access restricted to authorized users and institutions.</subfield></datafield><datafield ind1=" " ind2=" " tag="588"><subfield code="a">Description based on online resource; title from title page (Safari, viewed July 24, 2014).</subfield></datafield><datafield ind1=" " ind2=" " tag="596"><subfield code="a">44</subfield></datafield><datafield ind1="0" ind2="0" tag="630"><subfield code="a">VMware.</subfield></datafield><datafield ind1=" " ind2="0" tag="650"><subfield code="a">Virtual computer systems.</subfield></datafield><datafield ind1=" " ind2="0" tag="650"><subfield code="a">Client/server computing.</subfield></datafield><datafield ind1="1" ind2=" " tag="700"><subfield code="a">Epping, Duncan.</subfield></datafield><datafield ind1="4" ind2="0" tag="856"><subfield code="3">University of Alberta Access</subfield><subfield code="u">http://proquest.safaribooksonline.com/?uiCode=ualberta&amp;xmlId=9780133855036</subfield></datafield><datafield ind1=" " ind2=" " tag="949"><subfield code="a">Internet Access</subfield><subfield code="h">UAIN</subfield><subfield code="m">GR_MAC_INT</subfield><subfield code="z">SAFMAC</subfield></datafield><datafield ind1=" " ind2=" " tag="926"><subfield code="a">Internet Access</subfield><subfield code="w">LC</subfield><subfield code="c">1</subfield><subfield code="i">6659385-1001</subfield><subfield code="l">INTERNET</subfield><subfield code="m">UAINTERNET</subfield><subfield code="r">Y</subfield><subfield code="s">Y</subfield><subfield code="t">E-RESOURCE</subfield><subfield code="u">8/12/2014</subfield><subfield code="x">E-BOOK</subfield><subfield code="z">SAFARI</subfield></datafield></record>